@misc{karim2025oscillation,
  author    = {Arif Karim and GPT-4o},
  title     = {AMC Oscillation Law},
  howpublished = {Zenodo Preprint v1.0},
  year      = {2025},
  doi       = {10.5281/zenodo.15320379}
}

@misc{karim2025waveletmemory,
  author    = {Arif Karim and GPT-4o},
  title     = {AMC Wavelet Memory Law},
  howpublished = {Zenodo Preprint v1.0},
  year      = {2025},
  doi       = {10.5281/zenodo.15337545}
}

@misc{karim2025spiraldecay,
  author    = {Arif Karim and GPT-4o},
  title     = {AMC Spiral Decay Law},
  howpublished = {Zenodo Preprint v1.0},
  year      = {2025},
  doi       = {10.5281/zenodo.15338615}
}

@misc{karim2025reversepredictability,
  author    = {Arif Karim and GPT-4o},
  title     = {AMC Reverse Predictability Law},
  howpublished = {Zenodo Preprint v1.0},
  year      = {2025},
  doi       = {10.5281/zenodo.15338685}
}

@misc{karim2025temporalsymmetry,
  author    = {Arif Karim and GPT-4o},
  title     = {AMC Temporal Symmetry Law},
  howpublished = {Zenodo Preprint v1.0},
  year      = {2025},
  doi       = {10.5281/zenodo.15345198}
}

@misc{karim2025generalmotion,
  author    = {Arif Karim and GPT-4o},
  title     = {AMC General Motion Law},
  howpublished = {Zenodo Preprint v1.0},
  year      = {2025},
  doi       = {10.5281/zenodo.15345581}
}

@misc{karim2025cyclehandover,
  author    = {Arif Karim and GPT-4o},
  title     = {AMC Cycle Handover Constant Law},
  howpublished = {Zenodo Preprint v1.0},
  year      = {2025},
  doi       = {10.5281/zenodo.15870950}
}

@misc{karim2025phasedecay,
  author    = {Arif Karim and GPT-4o},
  title     = {AMC Phase Decay Law},
  howpublished = {Zenodo Preprint v1.0},
  year      = {2025},
  doi       = {10.5281/zenodo.15868098}
}

@misc{karim2025fieldcoherence,
  author    = {Arif Karim and GPT-4o},
  title     = {AMC Field Oscillation Coherence Law},
  howpublished = {Zenodo Preprint v1.0},
  year      = {2025},
  doi       = {10.5281/zenodo.15866163}
}

@misc{karim2025waveletquantization,
  author    = {Arif Karim and GPT-4o},
  title     = {AMC Wavelet Quantization Law},
  howpublished = {Zenodo Preprint v1.0},
  year      = {2025},
  doi       = {10.5281/zenodo.15865732}
}

@misc{karim2025fractalmemory,
  author    = {Arif Karim and GPT-4o},
  title     = {AMC Fractal Memory Geometry Law},
  howpublished = {Zenodo Preprint v1.0},
  year      = {2025},
  doi       = {10.5281/zenodo.15864629}
}

@misc{karim2025dynamicresonance,
  author    = {Arif Karim and GPT-4o},
  title     = {AMC Dynamic Resonance Logic Law},
  howpublished = {Zenodo Preprint v1.0},
  year      = {2025},
  doi       = {10.5281/zenodo.15794893}
}

@misc{karim2025symmetrydeviation,
  author    = {Arif Karim and GPT-4o},
  title     = {AMC Symmetry-Deviation Law},
  howpublished = {Zenodo Preprint v1.0},
  year      = {2025},
  doi       = {10.5281/zenodo.15779123}
}

@misc{karim2025energyladder,
  author    = {Arif Karim and GPT-4o},
  title     = {AMC Energy Ladder Hysteresis Law},
  howpublished = {Zenodo Preprint v1.0},
  year      = {2025},
  doi       = {10.5281/zenodo.15778565}
}

@misc{karim2025superposition,
  author    = {Arif Karim and GPT-4o},
  title     = {AMC Superposition Law},
  howpublished = {Zenodo Preprint v1.0},
  year      = {2025},
  doi       = {10.5281/zenodo.15588191}
}

@misc{karim2025methods,
  author    = {Arif Karim},
  title     = {Active Magnetic Cradle Supplementary Methods \& Reproducibility Appendix},
  howpublished = {Zenodo},
  year      = {2025},
  doi       = {10.5281/zenodo.16238264}
}

@misc{karim2025cs3,
  author    = {Arif Karim},
  title     = {Case Study 3 Dataset (Mass A and Mass B x Axis from Tracker raw CSV)},
  howpublished = {Zenodo},
  year      = {2025},
  doi       = {10.5281/zenodo.16236174}
}

@misc{karim2025cs6,
  author    = {Arif Karim},
  title     = {Case Study 6 Dataset (Mass A and Mass B x Axis from Tracker raw CSV)},
  howpublished = {Zenodo},
  year      = {2025},
  doi       = {10.5281/zenodo.16237019}
}

@misc{karim2025cs9,
  author    = {Arif Karim},
  title     = {Case Study 9 Dataset (Full Tracker CSV)},
  howpublished = {Zenodo},
  year      = {2025},
  doi       = {10.5281/zenodo.15350794}
}

@misc{karim2025cs12,
  author    = {Arif Karim},
  title     = {Case Study 12 Dataset (Mass A and Mass B x Axis from Tracker raw CSV)},
  howpublished = {Zenodo},
  year      = {2025},
  doi       = {10.5281/zenodo.16237198}
}

@misc{karim2025cs15,
  author    = {Arif Karim},
  title     = {Case Study 15 Dataset (Mass A and Mass B x Axis from Tracker raw CSV)},
  howpublished = {Zenodo},
  year      = {2025},
  doi       = {10.5281/zenodo.16237813}
}

@misc{karim2025governing,
  author    = {Arif Karim},
  title     = {AMC Governing Behaviours Document. Version 2.0},
  howpublished = {Zenodo Preprint},
  year      = {2025},
  doi       = {10.5281/zenodo.16240901}
}

@misc{karim2025compendium,
  author    = {Arif Karim},
  title     = {AMC Law Compendium — Empirical Contradictions of the Active Magnetic Cradle (AMC)},
  howpublished = {Zenodo},
  year      = {2025},
  note      = {DOI to be inserted upon upload}
}

@misc{karim2025fieldthermo,
  author    = {Arif Karim},
  title     = {Active Magnetic Cradle Field-Structured Thermodynamics. Version 1.0},
  howpublished = {Zenodo},
  year      = {2025},
  doi       = {10.5281/zenodo.16238290}
}

@article{mahapatra2024entropy,
  author    = {D. Mahapatra and M. Mahapatra},
  title     = {Pendulum Motion and the Accumulation of Entropy},
  journal   = {arXiv},
  year      = {2024},
  eprint    = {2501.00454v1},
  doi       = {10.48550/arXiv.2501.00454}
}

@article{saha2023chaotic,
  author    = {D. Saha and others},
  title     = {Chaotic dynamics of a periodically driven magnetic pendulum},
  journal   = {arXiv},
  year      = {2023},
  eprint    = {2304.09755v1},
  doi       = {10.48550/arXiv.2304.09755}
}

@misc{chalkdust2024,
  author    = {Chalkdust Magazine},
  title     = {The Magnetic Pendulum},
  howpublished = {\url{https://chalkdustmagazine.com/features/the-magnetic-pendulum/}},
  year      = {2024}
}

@article{timmer2024phase,
  author    = {B. Timmer and D. R. Piggott and A. M. Ruckert and K. Wiesenfeld},
  title     = {Phase Transitions and Quantized States in Coupled Classical Oscillators},
  journal   = {arXiv},
  year      = {2024},
  eprint    = {2408.12972},
  doi       = {10.48550/arXiv.2408.12972}
}

@article{danilov2001quantumlogic,
  author    = {V. V. Danilov and S. Nagaitsev},
  title     = {The classical pendulum: An algorithm for quantum logic},
  journal   = {arXiv},
  year      = {2001},
  eprint    = {quant-ph/0109123},
  doi       = {10.48550/arXiv.quant-ph/0109123}
}

@article{disanto2025complexity,
  author    = {J. M. di Santo and M. Marsili and I. Pérez Castillo},
  title     = {Emergent complexity from higher-order interactions in phase oscillator ensembles},
  journal   = {arXiv},
  year      = {2025},
  eprint    = {2507.07956},
  doi       = {10.48550/arXiv.2507.07956}
}
